@article{hartree_1928, title={The Wave Mechanics of an Atom with a Non-Coulomb Central Field. Part I. Theory and Methods}, volume={24}, DOI={10.1017/S0305004100011919}, number={1}, journal={Mathematical Proceedings of the Cambridge Philosophical Society}, publisher={Cambridge University Press}, author={Hartree, D. R.}, year={1928}, pages={89–110}}

@article{slater,
  title = {Note on Hartree's Method},
  author = {Slater, J. C.},
  journal = {Phys. Rev.},
  volume = {35},
  issue = {2},
  pages = {210--211},
  numpages = {0},
  year = {1930},
  month = {Jan},
  publisher = {American Physical Society},
  doi = {10.1103/PhysRev.35.210.2},
  url = {https://link.aps.org/doi/10.1103/PhysRev.35.210.2}
}

@article{fock,
  title = {Note on Hartree's Method},
  author = {Fock, V.},
  journal = {Zeitschrift für Physik},
  volume = {61},
  issue = {1},
  pages = {126--148},
  year = {1930},
  month = {Jan},
  doi = {https://doi.org/10.1007/BF01340294},
}

@article{Zanghellini_2003,
author = {Zanghellini, Jürgen and Kitzler-Zeiler, Markus and Fabian, C and Brabec, T and Scrinzi, A},
year = {2003},
month = {08},
pages = {1064-1068},
title = {An MCTDHF approach to multi–electron dynamics in laser fields},
volume = {13},
journal = {Laser Physics}
}

@article{Zanghellini_2004,
	doi = {10.1088/0953-4075/37/4/004},
	url = {https://doi.org/10.1088/0953-4075/37/4/004},
	year = 2004,
	month = {jan},
	publisher = {{IOP} Publishing},
	volume = {37},
	number = {4},
	pages = {763--773},
	author = {Jürgen Zanghellini and Markus Kitzler and Thomas Brabec and Armin Scrinzi},
	title = {Testing the multi-configuration time-dependent Hartree{\textendash}Fock method},
	journal = {Journal of Physics B: Atomic, Molecular and Optical Physics},
}

@misc{gitOyvind,
  author = {Øyvind Sigmundson Schøyen},
  title = {Quantum systems},
  publisher = {GitHub},
  journal = {GitHub repository},
  howpublished = {\url{https://github.com/Schoyen/quantum-systems}}
}

@book{bransden,
  title={Physics of Atoms and Molecules},
  author={Bransden, B.H. and Joachain, C.J. and Plivier, T.J.},
  isbn={9780582356924},
  lccn={80041903},
  url={https://books.google.no/books?id=i5IPWXDQlcIC},
  year={2003},
  publisher={Prentice Hall}
}

@book{modern_qc,
  author = {Szabo, Attila and Ostlund, Neil S.},
  biburl = {https://www.bibsonomy.org/bibtex/23e60bd8807cf1bffbb296c9d91bb65b8/drmatusek},
  edition = {First},
  publisher = {Dover Publications, Inc.},
  title = {Modern Quantum Chemistry: Introduction to Advanced Electronic
                  Structure Theory},
  year = 1996
}



@masterthesis{oyvind_thesis,
    title = {Real-time quantum many-body dynamics},
    school = {University of Oslo},
    author = {Schøyen, Øyvind Sigmundson},
    year = {2019}
}

@article{state_of_art,
    author = {Hochstuhl, D. and Hinz, Christopher and Bonitz, Michael},
    year = {2014},
    month = {08},
    pages = {},
    title = {Time-dependent multiconfiguration methods for the numerical simulation of photoionization processes of many-electron atoms},
    volume = {223},
    journal = {The European Physical Journal Special Topics},
    doi = {10.1140/epjst/e2014-02092-3}
}

@online{scipy.int,
  title = {Documentation for scipy.integrate.ode module},
  url = {https://docs.scipy.org/doc/scipy/reference/generated/scipy.integrate.ode.html},
  urldate = {2021-12-05}
}

